
@BOOK{CR1,
  AUTHOR = "Charles W. Curtis and Irving Reiner",
  TITLE = {Methods of Representation Theory},
  PUBLISHER = {John Wiley \& Sons},
  ADDRESS = "New York, Chichester, Brisbane, Toronto, Singapore",
  YEAR = 1981,
  VOLUME = "I"}

