@string{ j  = "Important Journal" }
@article{ AB2000, Author=  "Fritz A. First and Sec, X. Y.", 
TITLE="Short", journal = j, year = 2000 }

